<collection xmlns="http://www.loc.gov/MARC21/slim"><record><leader>00648nam  2200193   450</leader><controlfield tag="001">606</controlfield><controlfield tag="003">http://montalegre.opacnet.com/OPAC/default.aspx?ContentAreaControl=ShowRegHoldings.ascx&amp;RegNo=16662</controlfield><controlfield tag="005">20</controlfield><datafield tag="100" ind1=" " ind2=" "><subfield code="a">20000222d1987199 |||y0pory010305  ba</subfield></datafield><datafield tag="101" ind1="0" ind2=" "><subfield code="a">por</subfield></datafield><datafield tag="102" ind1=" " ind2=" "><subfield code="a">PT</subfield></datafield><datafield tag="200" ind1="1" ind2=" "><subfield code="a">Dentes de rato</subfield><subfield code="f">Agustina Bessa-Luís</subfield><subfield code="g">ilustrações de Martim Lapa</subfield></datafield><datafield tag="210" ind1=" " ind2=" "><subfield code="a">Lisboa</subfield><subfield code="c">Guimarães Editores</subfield><subfield code="d">1987</subfield></datafield><datafield tag="215" ind1=" " ind2=" "><subfield code="a">62 p.</subfield><subfield code="c">il.</subfield><subfield code="d">21cm</subfield></datafield><datafield tag="675" ind1=" " ind2=" "><subfield code="a">821.134.3-3</subfield></datafield><datafield tag="700" ind1=" " ind2="1"><subfield code="a">Bessa-Luís</subfield><subfield code="b">Agustina</subfield><subfield code="f">1922-</subfield></datafield><datafield tag="801" ind1=" " ind2="0"><subfield code="a">PT</subfield><subfield code="b">Biblioteca Municipal de Montalegre</subfield><subfield code="g">RPC</subfield></datafield><datafield tag="856" ind1=" " ind2=" "><subfield code="u">locateMedia.asp?cod=20060522154151&amp;ext=jpg</subfield><subfield code="z">CAPA</subfield></datafield><datafield tag="909" ind1="&#9;" ind2=" "><subfield code="a">2</subfield></datafield><datafield tag="966" ind1=" " ind2=" "><subfield code="a">0001816</subfield><subfield code="l">BMM</subfield><subfield code="s">SI 82-93 BES den</subfield></datafield><datafield tag="966" ind1=" " ind2=" "><subfield code="a">0001815</subfield><subfield code="l">BMM</subfield><subfield code="s">SI 821.134.3-93 BES den</subfield></datafield></record></collection>